<?xml version='1.0'?>
<collection xmlns='http://www.loc.gov/MARC21/slim' xmlns:xsi='http://www.w3.org/2001/XMLSchema-instance' xsi:schemaLocation='http://www.loc.gov/MARC21/slim http://www.loc.gov/standards/marcxml/schema/MARC21slim.xsd'>
<record><leader>     nam a22002651  4500</leader><controlfield tag='005'>19950120000000.0</controlfield><controlfield tag='008'>890208s1916    fr            00000 fre d</controlfield><controlfield tag='001'>990010357430106381</controlfield><datafield ind1=' ' ind2=' ' tag='035'><subfield code='a'>(MiU)001035743MIU01</subfield></datafield><datafield ind1=' ' ind2=' ' tag='010'><subfield code='a'>37034350</subfield></datafield><datafield ind1=' ' ind2=' ' tag='035'><subfield code='a'>(CaOTULAS)176075310</subfield></datafield><datafield ind1=' ' ind2=' ' tag='035'><subfield code='a'>(SAZTEC)137604690</subfield></datafield><datafield ind1=' ' ind2=' ' tag='035'><subfield code='a'>(OCoLC)ocm67161888</subfield><subfield code='0'>(uri) http://www.worldcat.org/oclc/67161888</subfield></datafield><datafield ind1=' ' ind2=' ' tag='040'><subfield code='c'>CarP</subfield><subfield code='d'>MiU</subfield></datafield><datafield ind1='0' ind2=' ' tag='050'><subfield code='a'>TL570</subfield><subfield code='b'>.L26</subfield></datafield><datafield ind1='1' ind2=' ' tag='100'><subfield code='a'>Lanchester, F. W.</subfield><subfield code='q'>(Frederick William),</subfield><subfield code='d'>1868-1946.</subfield><subfield code='0'>(uri) http://id.loc.gov/authorities/names/n96021889</subfield><subfield code='0'>(uri) http://viaf.org/viaf/sourceID/LC|n96021889</subfield></datafield><datafield ind1='1' ind2='0' tag='240'><subfield code='a'>[Aerodonetics]</subfield></datafield><datafield ind1='1' ind2='0' tag='245'><subfield code='a'>Aérodonétique,</subfield></datafield><datafield ind1=' ' ind2=' ' tag='260'><subfield code='a'>Paris,</subfield><subfield code='b'>Gauthier-Villars et cie,</subfield><subfield code='c'>1916.</subfield></datafield><datafield ind1=' ' ind2=' ' tag='300'><subfield code='a'>p. cm.</subfield></datafield><datafield ind1=' ' ind2='0' tag='650'><subfield code='a'>Flight</subfield><subfield code='0'>(uri) http://id.loc.gov/authorities/subjects/sh85049108</subfield></datafield><datafield ind1=' ' ind2='0' tag='650'><subfield code='a'>Aerodynamics.</subfield><subfield code='0'>(uri) http://id.loc.gov/authorities/subjects/sh85001295</subfield></datafield><datafield ind1='1' ind2=' ' tag='700'><subfield code='a'>Benoit, C.</subfield><subfield code='e'>tr.</subfield><subfield code='0'>(uri) http://id.loc.gov/authorities/names/n85174663</subfield><subfield code='0'>(uri) http://viaf.org/viaf/sourceID/LC|n85174663</subfield></datafield><datafield ind1='3' ind2=' ' tag='740'><subfield code='a'>Le vol aérien * *.</subfield></datafield><datafield ind1=' ' ind2=' ' tag='998'><subfield code='c'>UTL</subfield><subfield code='s'>9662</subfield></datafield><datafield ind1=' ' ind2=' ' tag='958'><subfield code='a'>MiU</subfield></datafield><datafield ind1=' ' ind2=' ' tag='959'><subfield code='a'>(notis)ULAEK6399</subfield></datafield><datafield ind1=' ' ind2=' ' tag='995'><subfield code='a'>20</subfield></datafield><datafield ind1=' ' ind2=' ' tag='BIB'><subfield code='u'>2021-07-17 09:28:25 US/Eastern</subfield><subfield code='c'>2021-06-21 16:54:16 US/Eastern</subfield><subfield code='s'>false</subfield></datafield><datafield ind1='0' ind2=' ' tag='852'><subfield code='b'>BUHR</subfield><subfield code='a'>MiU</subfield><subfield code='c'>MAIN</subfield><subfield code='h'>TL 570 .L24824</subfield><subfield code='8'>22950426350006381</subfield></datafield><datafield ind1=' ' ind2=' ' tag='974'><subfield code='8'>22950426350006381</subfield><subfield code='f'>1</subfield><subfield code='c'>MAIN</subfield><subfield code='m'>BOOK</subfield><subfield code='a'>39015020238211</subfield><subfield code='i'>Buhr A 754205</subfield><subfield code='e'>MAIN</subfield><subfield code='u'>mdp.39015020238211 pdus 20200825</subfield><subfield code='7'>23950426320006381</subfield><subfield code='p'>02</subfield><subfield code='r'>1991-02-13 10:59:00</subfield><subfield code='h'>TL 570 .L24824</subfield><subfield code='d'>BUHR</subfield><subfield code='b'>BUHR</subfield></datafield></record>