
<record><leader>     nam a22002531  4500</leader><controlfield tag='005'>19940325000000.0</controlfield><controlfield tag='008'>890208s1916    enka     b    00010 eng d</controlfield><controlfield tag='001'>990010350730106381</controlfield><datafield ind1=' ' ind2=' ' tag='035'><subfield code='a'>(MiU)001035073MIU01</subfield></datafield><datafield ind1=' ' ind2=' ' tag='010'><subfield code='a'>16013181 //r87</subfield></datafield><datafield ind1=' ' ind2=' ' tag='035'><subfield code='a'>(CaOTULAS)176074281</subfield></datafield><datafield ind1=' ' ind2=' ' tag='035'><subfield code='a'>(SAZTEC)108302850</subfield></datafield><datafield ind1=' ' ind2=' ' tag='035'><subfield code='a'>(OCoLC)ocm01022226</subfield><subfield code='0'>(uri) http://www.worldcat.org/oclc/01022226</subfield></datafield><datafield ind1=' ' ind2=' ' tag='040'><subfield code='a'>DLC/ICU</subfield><subfield code='c'>ICU</subfield></datafield><datafield ind1='0' ind2='0' tag='050'><subfield code='a'>QD549</subfield><subfield code='b'>.B87</subfield></datafield><datafield ind1='1' ind2=' ' tag='100'><subfield code='a'>Burton, E. F.</subfield><subfield code='q'>(Eli Franklin),</subfield><subfield code='d'>1879-1948.</subfield><subfield code='0'>(uri) http://id.loc.gov/authorities/names/n87830167</subfield><subfield code='0'>(uri) http://viaf.org/viaf/sourceID/LC|n87830167</subfield></datafield><datafield ind1='1' ind2='4' tag='245'><subfield code='a'>The physical properties of colloidal solutions,</subfield><subfield code='c'>by E.F. Burton ... with 18 illustrations.</subfield></datafield><datafield ind1=' ' ind2=' ' tag='260'><subfield code='a'>London,</subfield><subfield code='a'>New York [etc.]</subfield><subfield code='b'>Longmans, Green and co.,</subfield><subfield code='c'>1916.</subfield></datafield><datafield ind1=' ' ind2=' ' tag='300'><subfield code='a'>vii, 200 p.</subfield><subfield code='b'>illus., diagrs.</subfield><subfield code='c'>23 cm.</subfield></datafield><datafield ind1='0' ind2=' ' tag='490'><subfield code='a'>Monographs on physics (Longman (Firm))</subfield></datafield><datafield ind1='1' ind2=' ' tag='490'><subfield code='a'>Monographs on physics, ed. by Sir J.J. Thomason ... and F. Horton</subfield></datafield><datafield ind1=' ' ind2=' ' tag='504'><subfield code='a'>Bibliography at end of each chapter.</subfield></datafield><datafield ind1=' ' ind2='0' tag='650'><subfield code='a'>Colloids</subfield><subfield code='0'>(uri) http://id.loc.gov/authorities/subjects/sh85028453</subfield></datafield><datafield ind1=' ' ind2=' ' tag='998'><subfield code='c'>UTL</subfield><subfield code='s'>9662</subfield></datafield><datafield ind1=' ' ind2=' ' tag='958'><subfield code='a'>MiU</subfield></datafield><datafield ind1=' ' ind2=' ' tag='959'><subfield code='a'>(notis)ULAEK5695</subfield></datafield><datafield ind1=' ' ind2=' ' tag='995'><subfield code='a'>20</subfield></datafield><datafield ind1=' ' ind2=' ' tag='BIB'><subfield code='u'>2021-07-17 09:11:15 US/Eastern</subfield><subfield code='c'>2021-06-21 16:54:16 US/Eastern</subfield><subfield code='s'>false</subfield></datafield><datafield ind1='0' ind2=' ' tag='852'><subfield code='b'>BUHR</subfield><subfield code='a'>MiU</subfield><subfield code='c'>MAIN</subfield><subfield code='h'>QD 549 .B974p 1916</subfield><subfield code='8'>22950425610006381</subfield></datafield><datafield ind1=' ' ind2=' ' tag='974'><subfield code='8'>22950425610006381</subfield><subfield code='f'>1</subfield><subfield code='c'>MAIN</subfield><subfield code='m'>BOOK</subfield><subfield code='a'>39015067977580</subfield><subfield code='i'>Buhr B 459497</subfield><subfield code='e'>MAIN</subfield><subfield code='u'>mdp.39015067977580 pd 20190118 217</subfield><subfield code='7'>23950425600006381</subfield><subfield code='p'>01</subfield><subfield code='r'>1990-07-13 10:59:00</subfield><subfield code='h'>QD 549 .B974p 1916</subfield><subfield code='d'>BUHR</subfield><subfield code='b'>BUHR</subfield></datafield></record>