
<record><leader>     nam a22002531  4500</leader><controlfield tag='005'>19890208000000.0</controlfield><controlfield tag='008'>890208s1967    fr a          00000 fre d</controlfield><controlfield tag='001'>990010352310106381</controlfield><datafield ind1=' ' ind2=' ' tag='035'><subfield code='a'>(MiU)001035231MIU01</subfield></datafield><datafield ind1=' ' ind2=' ' tag='010'><subfield code='a'>79588981</subfield></datafield><datafield ind1=' ' ind2=' ' tag='035'><subfield code='a'>(CaOTULAS)176074517</subfield></datafield><datafield ind1=' ' ind2=' ' tag='035'><subfield code='a'>(SAZTEC)108400980</subfield></datafield><datafield ind1=' ' ind2=' ' tag='035'><subfield code='a'>(OCoLC)ocm06768152</subfield><subfield code='0'>(uri) http://www.worldcat.org/oclc/06768152</subfield></datafield><datafield ind1=' ' ind2=' ' tag='040'><subfield code='c'>CarP</subfield></datafield><datafield ind1='0' ind2=' ' tag='050'><subfield code='a'>QD561</subfield><subfield code='b'>.R89</subfield></datafield><datafield ind1='1' ind2=' ' tag='100'><subfield code='a'>Ruellan, Alain.</subfield><subfield code='0'>(uri) http://id.loc.gov/authorities/names/n91016144</subfield><subfield code='0'>(uri) http://viaf.org/viaf/sourceID/LC|n91016144</subfield></datafield><datafield ind1='1' ind2='4' tag='245'><subfield code='a'>Les Phénomènes d&apos;échange de cations et d&apos;anions dans les sols,</subfield></datafield><datafield ind1=' ' ind2=' ' tag='260'><subfield code='a'>Paris,</subfield><subfield code='b'>Office de la recherche scientifique et technique outre-mer,</subfield><subfield code='c'>1967.</subfield></datafield><datafield ind1=' ' ind2=' ' tag='300'><subfield code='a'>123 p.</subfield><subfield code='b'>illus.</subfield><subfield code='c'>27 cm.</subfield></datafield><datafield ind1=' ' ind2='0' tag='650'><subfield code='a'>Ion exchange</subfield><subfield code='0'>(uri) http://id.loc.gov/authorities/subjects/sh85067796</subfield></datafield><datafield ind1=' ' ind2='0' tag='650'><subfield code='a'>Colloids</subfield><subfield code='0'>(uri) http://id.loc.gov/authorities/subjects/sh85028453</subfield></datafield><datafield ind1='1' ind2=' ' tag='700'><subfield code='a'>Delétang, Jean,</subfield><subfield code='e'>joint author.</subfield></datafield><datafield ind1=' ' ind2='0' tag='830'><subfield code='a'>Initiations-documentations techniques ;</subfield><subfield code='v'>no. 5.</subfield><subfield code='0'>(uri) http://id.loc.gov/authorities/names/n42033146</subfield><subfield code='0'>(uri) http://viaf.org/viaf/sourceID/LC|n42033146</subfield></datafield><datafield ind1=' ' ind2=' ' tag='998'><subfield code='c'>UTL</subfield><subfield code='s'>9662</subfield></datafield><datafield ind1=' ' ind2=' ' tag='958'><subfield code='a'>MiU</subfield></datafield><datafield ind1=' ' ind2=' ' tag='959'><subfield code='a'>(notis)ULAEK5863</subfield></datafield><datafield ind1=' ' ind2=' ' tag='995'><subfield code='a'>20</subfield></datafield><datafield ind1=' ' ind2=' ' tag='BIB'><subfield code='u'>2021-07-17 17:27:16 US/Eastern</subfield><subfield code='c'>2021-06-21 16:54:16 US/Eastern</subfield><subfield code='s'>false</subfield></datafield><datafield ind1='0' ind2=' ' tag='852'><subfield code='b'>BUHR</subfield><subfield code='a'>MiU</subfield><subfield code='c'>MAIN</subfield><subfield code='h'>QD 561 .R92</subfield><subfield code='8'>22950425460006381</subfield></datafield><datafield ind1=' ' ind2=' ' tag='974'><subfield code='8'>22950425460006381</subfield><subfield code='f'>1</subfield><subfield code='c'>MAIN</subfield><subfield code='m'>BOOK</subfield><subfield code='a'>39015083000979</subfield><subfield code='i'>Buhr C 1503616</subfield><subfield code='e'>MAIN</subfield><subfield code='u'>mdp.39015083000979 ic 20210424</subfield><subfield code='7'>23950425420006381</subfield><subfield code='p'>02</subfield><subfield code='r'>1992-08-07 10:59:00</subfield><subfield code='h'>QD 561 .R92</subfield><subfield code='d'>BUHR</subfield><subfield code='b'>BUHR</subfield></datafield></record>