
<record><leader>00000ncm a22002891a 4500</leader><controlfield tag='005'>20100818190034.0</controlfield><controlfield tag='008'>900129c19391909nyucoa         n 1      d</controlfield><controlfield tag='001'>990018241050106381</controlfield><datafield ind1=' ' ind2=' ' tag='035'><subfield code='a'>(MiU)001824105MIU01</subfield></datafield><datafield ind1='2' ind2='2' tag='028'><subfield code='a'>20687</subfield><subfield code='b'>G. Schirmer</subfield></datafield><datafield ind1=' ' ind2=' ' tag='035'><subfield code='a'>(RLIN)MIUG90-C294</subfield></datafield><datafield ind1=' ' ind2=' ' tag='035'><subfield code='a'>(OCoLC)ocm43698535</subfield><subfield code='0'>(uri) http://www.worldcat.org/oclc/43698535</subfield></datafield><datafield ind1=' ' ind2=' ' tag='040'><subfield code='a'>MiU</subfield><subfield code='c'>MiU</subfield></datafield><datafield ind1=' ' ind2=' ' tag='045'><subfield code='a'>w6x0</subfield></datafield><datafield ind1=' ' ind2=' ' tag='048'><subfield code='a'>sa01</subfield><subfield code='a'>ka01</subfield></datafield><datafield ind1='1' ind2=' ' tag='100'><subfield code='a'>Seitz, Friedrich,</subfield><subfield code='d'>1848-1918.</subfield><subfield code='0'>(uri) http://id.loc.gov/authorities/names/nr92013888</subfield><subfield code='0'>(uri) http://viaf.org/viaf/sourceID/LC|nr92013888</subfield></datafield><datafield ind1='1' ind2='0' tag='240'><subfield code='a'>Schüler-Konzert,</subfield><subfield code='n'>no. 1</subfield></datafield><datafield ind1='1' ind2='0' tag='245'><subfield code='a'>First pupil&apos;s concerto /</subfield><subfield code='c'>Friedrich Seitz ; edited and fingered by Philipp Mittell.</subfield></datafield><datafield ind1=' ' ind2=' ' tag='260'><subfield code='a'>New York :</subfield><subfield code='b'>G. Schirmer,</subfield><subfield code='c'>[1939?] c1909.</subfield></datafield><datafield ind1=' ' ind2=' ' tag='300'><subfield code='a'>1 score (16 p.) + 1 part (7 p.) ;</subfield><subfield code='c'>31 cm.</subfield></datafield><datafield ind1='0' ind2=' ' tag='490'><subfield code='a'>Schirmer&apos;s library of musical classics,</subfield><subfield code='v'>vol. 947</subfield></datafield><datafield ind1='0' ind2=' ' tag='490'><subfield code='a'>Pupil&apos;s concertos for violin and piano / Friedrich Seitz ;</subfield><subfield code='v'>no. 1</subfield></datafield><datafield ind1=' ' ind2=' ' tag='500'><subfield code='a'>Caption title.</subfield></datafield><datafield ind1=' ' ind2=' ' tag='500'><subfield code='a'>For violin and piano.</subfield></datafield><datafield ind1=' ' ind2='0' tag='650'><subfield code='a'>Violin and piano music</subfield><subfield code='v'>Scores and parts.</subfield><subfield code='0'>(uri) http://id.loc.gov/authorities/subjects/sh2008113256</subfield></datafield><datafield ind1='1' ind2=' ' tag='700'><subfield code='a'>Mittell, Philipp,</subfield><subfield code='d'>1865-1943.</subfield><subfield code='0'>(uri) http://id.loc.gov/authorities/names/no89005804</subfield><subfield code='0'>(uri) http://viaf.org/viaf/sourceID/LC|no89005804</subfield></datafield><datafield ind1=' ' ind2=' ' tag='998'><subfield code='c'>LMH</subfield><subfield code='s'>9114</subfield></datafield><datafield ind1=' ' ind2=' ' tag='958'><subfield code='a'>MiU</subfield></datafield><datafield ind1=' ' ind2=' ' tag='959'><subfield code='a'>(notis)ULAHV1141</subfield></datafield><datafield ind1=' ' ind2=' ' tag='995'><subfield code='a'>20</subfield></datafield><datafield ind1=' ' ind2=' ' tag='BIB'><subfield code='u'>2021-12-17 16:54:43 US/Eastern</subfield><subfield code='c'>2021-06-21 16:54:16 US/Eastern</subfield><subfield code='s'>false</subfield></datafield><datafield ind1='0' ind2=' ' tag='852'><subfield code='b'>MUSIC</subfield><subfield code='a'>MiU</subfield><subfield code='c'>NONE</subfield><subfield code='h'>M 221 .S47 C71 1939</subfield><subfield code='8'>22950423100006381</subfield></datafield><datafield ind1=' ' ind2=' ' tag='974'><subfield code='8'>22950423100006381</subfield><subfield code='f'>1</subfield><subfield code='c'>NONE</subfield><subfield code='m'>SCORE</subfield><subfield code='a'>39015018073695</subfield><subfield code='e'>NONE</subfield><subfield code='u'>mdp.39015018073695 ic 20201115</subfield><subfield code='7'>23950423090006381</subfield><subfield code='p'>01</subfield><subfield code='r'>1990-05-31 10:59:00</subfield><subfield code='h'>M 221 .S47 C71 1939</subfield><subfield code='d'>MUSIC</subfield><subfield code='b'>MUSIC</subfield></datafield></record>