
<record><leader>     nam a22003011a 4500</leader><controlfield tag='005'>19900129000000.0</controlfield><controlfield tag='008'>900129s1989    ja a          00010 jpn  </controlfield><controlfield tag='001'>990018245960106381</controlfield><datafield ind1=' ' ind2=' ' tag='035'><subfield code='a'>(MiU)001824596MIU01</subfield></datafield><datafield ind1=' ' ind2=' ' tag='010'><subfield code='a'>89166955/AJ</subfield></datafield><datafield ind1=' ' ind2=' ' tag='020'><subfield code='a'>476363111X :</subfield><subfield code='c'>Y18000</subfield><subfield code='0'>(uri) http://www.isbnsearch.org/isbn/476363111X</subfield></datafield><datafield ind1=' ' ind2=' ' tag='035'><subfield code='a'>(RLIN)MIUO90-B328</subfield></datafield><datafield ind1=' ' ind2=' ' tag='035'><subfield code='a'>(OCoLC)ocm21047660</subfield><subfield code='0'>(uri) http://www.worldcat.org/oclc/21047660</subfield></datafield><datafield ind1='0' ind2=' ' tag='041'><subfield code='a'>jpneng</subfield></datafield><datafield ind1=' ' ind2=' ' tag='043'><subfield code='a'>a-ja---</subfield></datafield><datafield ind1='0' ind2=' ' tag='050'><subfield code='a'>DS894.595.F8</subfield><subfield code='b'>I84 1989 &lt;Orien Japan&gt;</subfield></datafield><datafield ind1='1' ind2=' ' tag='100'><subfield code='6'>880-01</subfield><subfield code='a'>Ishii, Tōun,</subfield><subfield code='d'>1943-</subfield><subfield code='0'>(uri) http://id.loc.gov/authorities/names/n88289020</subfield><subfield code='0'>(uri) http://viaf.org/viaf/sourceID/LC|n88289020</subfield></datafield><datafield ind1='1' ind2='0' tag='245'><subfield code='6'>880-02</subfield><subfield code='a'>Fujisan :</subfield><subfield code='b'>Ishii Tōun shashinshū.</subfield></datafield><datafield ind1='0' ind2=' ' tag='260'><subfield code='6'>880-03</subfield><subfield code='a'>Kyōto-shi :</subfield><subfield code='b'>Kyōto Shoin,</subfield><subfield code='c'>Heisei 1 [1989]</subfield></datafield><datafield ind1=' ' ind2=' ' tag='300'><subfield code='a'>177 p. :</subfield><subfield code='b'>153 col. ill. ;</subfield><subfield code='c'>34 cm.</subfield></datafield><datafield ind1=' ' ind2=' ' tag='500'><subfield code='a'>Preface and list of works also in English.</subfield></datafield><datafield ind1=' ' ind2='0' tag='651'><subfield code='a'>Fuji, Mount (Japan)</subfield><subfield code='x'>Description and travel</subfield><subfield code='x'>Views.</subfield><subfield code='0'>(uri) http://id.loc.gov/authorities/subjects/sh85052253</subfield></datafield><datafield ind1=' ' ind2='0' tag='650'><subfield code='a'>Photography, Artistic.</subfield><subfield code='0'>(uri) http://id.loc.gov/authorities/subjects/sh85101269</subfield></datafield><datafield ind1='1' ind2='0' tag='880'><subfield code='6'>100-01/</subfield><subfield code='a'>伊志井桃雲</subfield><subfield code='d'>1943-</subfield></datafield><datafield ind1='1' ind2='0' tag='880'><subfield code='6'>245-02/</subfield><subfield code='a'>富士山 :</subfield><subfield code='b'>伊志井桃雲写真集.</subfield></datafield><datafield ind1='0' ind2=' ' tag='880'><subfield code='6'>260-03/</subfield><subfield code='a'>京都市 :</subfield><subfield code='b'>京都書院,</subfield><subfield code='c'>平成 1 [1989]</subfield></datafield><datafield ind1=' ' ind2=' ' tag='998'><subfield code='c'>AC</subfield><subfield code='s'>9114</subfield></datafield><datafield ind1=' ' ind2=' ' tag='958'><subfield code='a'>MiU</subfield></datafield><datafield ind1=' ' ind2=' ' tag='959'><subfield code='a'>(notis)ULAHV1632</subfield></datafield><datafield ind1=' ' ind2=' ' tag='995'><subfield code='a'>20</subfield></datafield><datafield ind1=' ' ind2=' ' tag='BIB'><subfield code='u'>2021-07-17 08:50:12 US/Eastern</subfield><subfield code='c'>2021-06-21 16:54:16 US/Eastern</subfield><subfield code='s'>false</subfield></datafield><datafield ind1='0' ind2=' ' tag='852'><subfield code='b'>HATCH</subfield><subfield code='a'>MiU</subfield><subfield code='c'>AOVR</subfield><subfield code='h'>DS 895 .F88 I76</subfield><subfield code='8'>22950422280006381</subfield></datafield><datafield ind1=' ' ind2=' ' tag='974'><subfield code='8'>22950422280006381</subfield><subfield code='f'>1</subfield><subfield code='c'>AOVR</subfield><subfield code='m'>BOOK</subfield><subfield code='a'>39015017096838</subfield><subfield code='e'>AOVR</subfield><subfield code='7'>23950422270006381</subfield><subfield code='p'>08</subfield><subfield code='r'>1990-02-07 10:59:00</subfield><subfield code='h'>DS 895 .F88 I76</subfield><subfield code='d'>HATCH</subfield><subfield code='b'>HATCH</subfield></datafield></record>
</collection>